@misc{cloob,
      title={{CLOOB: Modern Hopfield Networks with InfoLOOB Outperform CLIP}}, 
      author={Andreas Fürst and Elisabeth Rumetshofer and Johannes Lehner and Viet Tran and Fei Tang and Hubert Ramsauer and David Kreil and Michael Kopp and Günter Klambauer and Angela Bitto-Nemling and Sepp Hochreiter},
      year={2022},
      eprint={2110.11316},
      archivePrefix={arXiv},
      primaryClass={cs.LG}
}

@misc{clip,
      title={{Learning Transferable Visual Models From Natural Language Supervision}}, 
      author={Alec Radford and Jong Wook Kim and Chris Hallacy and Aditya Ramesh and Gabriel Goh and Sandhini Agarwal and Girish Sastry and Amanda Askell and Pamela Mishkin and Jack Clark and Gretchen Krueger and Ilya Sutskever},
      year={2021},
      eprint={2103.00020},
      archivePrefix={arXiv},
      primaryClass={cs.CV}
}